@inproceedings{YeChen2011,
  title={Real-time bidding algorithms for performance-based display ad allocation},
  author={Chen, Ye and Berkhin, Pavel and Anderson, Bo and Devanur, Nikhil R},
  booktitle={Proceedings of the 17th ACM SIGKDD international conference on Knowledge discovery and data mining},
  pages={1307--1315},
  year={2011},
  organization={ACM}
}
@article{Mehta,
  title={Online matching and ad allocation},
  author={Mehta, Aranyak and others},
  journal={Foundations and Trends{\textregistered} in Theoretical Computer Science},
  volume={8},
  number={4},
  pages={265--368},
  year={2013},
  publisher={Now Publishers, Inc.}
}
@inproceedings{M6D,
  title={Bid optimizing and inventory scoring in targeted online advertising},
  author={Perlich, Claudia and Dalessandro, Brian and Hook, Rod and Stitelman, Ori and Raeder, Troy and Provost, Foster},
  booktitle={Proceedings of the 18th ACM SIGKDD international conference on Knowledge discovery and data mining},
  pages={804--812},
  year={2012},
  organization={ACM}
}
@inproceedings{WeinanZhang2014,
  title={Optimal real-time bidding for display advertising},
  author={Zhang, Weinan and Yuan, Shuai and Wang, Jun},
  booktitle={Proceedings of the 20th ACM SIGKDD international conference on Knowledge discovery and data mining},
  pages={1077--1086},
  year={2014},
  organization={ACM}
}
@inproceedings{XiangLi2014,
  title={Programmatic buying bidding strategies with win rate and winning price estimation in real time mobile advertising},
  author={Li, Xiang and Guan, Devin},
  booktitle={Pacific-Asia Conference on Knowledge Discovery and Data Mining},
  pages={447--460},
  year={2014},
  organization={Springer}
}
@inproceedings{WeinanZhang2015,
  title={Statistical arbitrage mining for display advertising},
  author={Zhang, Weinan and Wang, Jun},
  booktitle={Proceedings of the 21th ACM SIGKDD International Conference on Knowledge Discovery and Data Mining},
  pages={1465--1474},
  year={2015},
  organization={ACM}
}
@inproceedings{YingCui2011,
  title={Bid landscape forecasting in online ad exchange marketplace},
  author={Cui, Ying and Zhang, Ruofei and Li, Wei and Mao, Jianchang},
  booktitle={Proceedings of the 17th ACM SIGKDD international conference on Knowledge discovery and data mining},
  pages={265--273},
  year={2011},
  organization={ACM}
}
@inproceedings{Wu2015,
  title={Predicting winning price in real time bidding with censored data},
  author={Wu, Wush Chi-Hsuan and Yeh, Mi-Yen and Chen, Ming-Syan},
  booktitle={Proceedings of the 21th ACM SIGKDD International Conference on Knowledge Discovery and Data Mining},
  pages={1305--1314},
  year={2015},
  organization={ACM}
}
